@inproceedinds{neumaier,
title = {Complete Search in Continuous Global Optimization and Constraint Satisfaction},
author = {Arnold Neumaier},
year = {2003}
}

@article{dekkers,
    author = "Anton Dekkers and Emile Aarts",
    title = "{Global Optimization and Simulated Annealing}",
    journal = "Mathematical Programming",
    volume = "50",
    pages = "367-393",
    year = "1991",
    keywords = "Global optimization, continuous variables, simulated annealing"
}

@article{rosenbrock,
    author = "H.H. Rosenbrock",
    title = "{An automatic method for finding the greatest or least value of a function}",
    journal = "The Computer Journal",
    volume = "3",
    pages = "175-184",
    year = "1960"
}

@article{romejin,
    author = "H.E. Romejin and R.L. Smith",
    title = "{Simulated annealing for constrained global optimization}",
    journal = "Journal of Global Optimization",
    volume = "5",
    pages = "101-126",
    year = "1994"
}

@article{Ugray2007ScatterSA,
  title={Scatter Search and Local NLP Solvers: A Multistart Framework for Global Optimization},
  author={Zsolt Ugray and L. Lasdon and J. Plummer and Fred W. Glover and J. P. Kelly and R. Mart{\'i}},
  journal={INFORMS J. Comput.},
  year={2007},
  volume={19},
  pages={328-340}
}

@article{wales,
    author = "D.J. Wales and J.P.K Doye",
    title = "{Global Optimization by Basin-Hopping and the Lowest Energy Structures of Lennard-Jones
    Clusters Containing up to 110 Atoms}",
    journal = "Journal of Physical Chemistry",
    volume = "101",
    pages = "5111-5116",
    year = "1997"
}

@article{storn,
    author = "R Storn and K Price",
    title = "{Differential Evolution-a Simple and Efficient Heuristic for Global Optimization over Continuous Spaces}",
    journal = "Journal of Global Optimization",
    volume = "11",
    pages = "341-359",
    year = "1997"
}